@article{berthaut2011interacting,
  title={Interacting with 3D Reactive Widgets for Musical Performance},
  author={Berthaut, D.F. and Desainte-Catherine, M. and Hachet, M.},
  journal={Journal of New Music Research},
  volume={40},
  number={3},
  pages={253--263},
  year={2011},
  publisher={Taylor \& Francis}
}
@InProceedings{roberts2012mobile,
  author = 	 {Charles Roberts and Graham Wakefield and Matt Wright},
  title = 	 {Mobile Controls On-The-Fly: An Abstraction for Distributed NIMEs},
  OPTcrossref =  {},
  OPTkey = 	 {},
  OPTbooktitle = {Proceedings of the International Conference on New Interfaces for Musical Expression (NIME)},
  OPTpages = 	 {},
  year = 	 {2012},
  editor = 	 {Essl, G. and Gillespie, B. and Gurevich, M. and O'Modhrain, S.},
  OPTvolume = 	 {},
  OPTnumber = 	 {},
  OPTseries = 	 {},
  address = 	 {Ann Arbor, Michigan},
  month = 	 {May 21-23},
  OPTorganization = {},
  publisher = {University of Michigan},
  OPTnote = 	 {},
  OPTannote = 	 {}
}
@InProceedings{mcglynn2012recontextualizing,
  author = 	 {Patrick McGlynn and Victor Lazzarini and Gordon Delap and Xiaoyu Chen},
  title = 	 {Recontextualizing the Multi-touch Surface},
  OPTcrossref =  {},
  OPTkey = 	 {},
  OPTbooktitle = {Proceedings of the International Conference on New Interfaces for Musical Expression (NIME)},
  OPTpages = 	 {},
  year = 	 {2012},
  editor = 	 {Essl, G. and Gillespie, B. and Gurevich, M. and O'Modhrain, S.},
  OPTvolume = 	 {},
  OPTnumber = 	 {},
  OPTseries = 	 {},
  address = 	 {Ann Arbor, Michigan},
  month = 	 {May 21-23},
  OPTorganization = {},
  publisher = {University of Michigan},
  OPTnote = 	 {},
  OPTannote = 	 {}
}
@inproceedings{roberts2011control,
  title={Control: Software for end-user interface programming and interactive performance},
  author={Roberts, C.},
  booktitle={Proceedings of the International Computer Music Conference},
  year={2011}
}
@inproceedings{yoo2011creating,
author = {Yoo, Min-Joon and Beak, Jin-Wook and Lee, In-Kwon},
title = {{Creating Musical Expression using Kinect}},
booktitle = {Proceedings of the International Conference on New Interfaces for Musical Expression},
url = {http://www.nime.org/proceedings/2011/nime2011_324.pdf},
pages = {324--325},
year = {2011}
}
@book{bravenuiworld,
  title={Brave NUI world: designing natural user interfaces for touch and gesture},
  author={Wigdor, D. and Wixon, D.},
  year={2011},
  publisher={Morgan Kaufmann}
}
@article{osc,
  title={Open Sound Control: an enabling technology for musical networking},
  author={Wright, M.},
  journal={Organised Sound},
  volume={10},
  number={03},
  pages={193--200},
  year={2005},
  publisher={Cambridge Univ Press}
}
@InProceedings{nimekinect1,
  author = 	 {Shawn Trail and Michael Dean and Gabrielle Odowichuk and Tiago Fernandes Tavares and Peter Driessen and W. Andrew Schloss and George Tzanetakis},
  title = 	 {Non-invasive sensing and gesture control for pitched percussion hyper-instruments using the Kinect},
  OPTcrossref =  {},
  OPTkey = 	 {},
  OPTbooktitle = {Proceedings of the International Conference on New Interfaces for Musical Expression (NIME)},
  OPTpages = 	 {},
  year = 	 {2012},
  editor = 	 {Essl, G. and Gillespie, B. and Gurevich, M. and O'Modhrain, S.},
  OPTvolume = 	 {},
  OPTnumber = 	 {},
  OPTseries = 	 {},
  address = 	 {Ann Arbor, Michigan},
  month = 	 {May 21-23},
  OPTorganization = {},
  publisher = {University of Michigan},
  OPTnote = 	 {},
  OPTannote = 	 {}
}
@InProceedings{nimekinect2,
  author = 	 {Sertan Sentürk and Sang Won Lee and Avinash Sastry and Anosh Daruwalla and Gil Weinberg},
  title = 	 {Crossole: A Gestural Interface for Composition, Improvisation and Performance using Kinect},
  OPTcrossref =  {},
  OPTkey = 	 {},
  OPTbooktitle = {Proceedings of the International Conference on New Interfaces for Musical Expression (NIME)},
  OPTpages = 	 {},
  year = 	 {2012},
  editor = 	 {Essl, G. and Gillespie, B. and Gurevich, M. and O'Modhrain, S.},
  OPTvolume = 	 {},
  OPTnumber = 	 {},
  OPTseries = 	 {},
  address = 	 {Ann Arbor, Michigan},
  month = 	 {May 21-23},
  OPTorganization = {},
  publisher = {University of Michigan},
  OPTnote = 	 {},
  OPTannote = 	 {}
}
@InProceedings{digito,
  author = 	 {Nicholas Gillian and Joseph A. Paradiso},
  title = 	 {Digito: A Fine-Grain Gesturally Controlled Virtual Musical Instrument},
  OPTcrossref =  {},
  OPTkey = 	 {},
  OPTbooktitle = {Proceedings of the International Conference on New Interfaces for Musical Expression (NIME)},
  OPTpages = 	 {},
  year = 	 {2012},
  editor = 	 {Essl, G. and Gillespie, B. and Gurevich, M. and O'Modhrain, S.},
  OPTvolume = 	 {},
  OPTnumber = 	 {},
  OPTseries = 	 {},
  address = 	 {Ann Arbor, Michigan},
  month = 	 {May 21-23},
  OPTorganization = {},
  publisher = {University of Michigan},
  OPTnote = 	 {},
  OPTannote = 	 {}
}
@InProceedings{nimekinect3,
  author = 	 {Qi Yang and Georg Essl},
  title = 	 {Augmented Piano Performance using a Depth Camera},
  OPTcrossref =  {},
  OPTkey = 	 {},
  OPTbooktitle = {Proceedings of the International Conference on New Interfaces for Musical Expression (NIME)},
  OPTpages = 	 {},
  year = 	 {2012},
  editor = 	 {Essl, G. and Gillespie, B. and Gurevich, M. and O'Modhrain, S.},
  OPTvolume = 	 {},
  OPTnumber = 	 {},
  OPTseries = 	 {},
  address = 	 {Ann Arbor, Michigan},
  month = 	 {May 21-23},
  OPTorganization = {},
  publisher = {University of Michigan},
  OPTnote = 	 {},
  OPTannote = 	 {}
}
@inproceedings{diakopoulos2010argos,
  title={Argos: An Opensource Application for Building Multi-Touch Musical Interfaces},
  author={Diakopoulos, D. and Kapur, A.},
  booktitle={Proceedings of International Computer Music Conference (ICMC) 2010},
  year={2010}
}
@inproceedings{wakefield2010luaav,
  title={LuaAV: Extensibility and Heterogeneity for Audiovisual Computing},
  author={Wakefield, G. and Smith, W. and Roberts, C.},
  booktitle={Proceedings of the Linux Audio Conference},
  year={2010}
}

